@article{einstein,
	author =       "Albert Einstein",
	title =        "{Zur Elektrodynamik bewegter K{\"o}rper}. ({German})
	[{On} the electrodynamics of moving bodies]",
	journal =      "Annalen der Physik",
	volume =       "322",
	number =       "10",
	pages =        "891--921",
	year =         "1905",
	DOI =          "http://dx.doi.org/10.1002/andp.19053221004"
}

@book{latexcompanion,
	author    = "Michel Goossens and Frank Mittelbach and Alexander Samarin",
	title     = "The \LaTeX\ Companion",
	year      = "1993",
	publisher = "Addison-Wesley",
	address   = "Reading, Massachusetts"
}

@misc{reibwerte,
	author    = "Schnick Systemtechnik",
	title     = "Kennwerte elatomer",
	url       = "https://www.schnick.de/news/22-vorbehandlung/89-die-oberflaechenspannung-an-kunststoffen-typische-werte"
}

@book{nachsorge,
	author =       "Diana Morschhäuser and Wilhelm Fischer and Michael Jakob",
	title =        "{Praxis der Herzschrittmacher-Nachsorge}
	[Grundlagen, Funktionen, Kontrolle, Optimierung, Troubleshooting]",
	year =         "2019",
	publisher =      "Springer"
}

@book{anatomi,
	author =       "Steffel J and Lüscher T",
	title =        "{Anatomie und Physiologie des Herz-Kreislauf-Systems}",
	year =         "2014",
	publisher =      "Springer"
}

@book{physio,
	author =       "Ralf Brandes and Florian Lang and  Robert F Schmidt",
	title =        "{Physiologie des Menschen}",
	year =         "2019",
	publisher =      "Springer"
}

@book{physik,
	author =       "Hartmut Zabel",
	title =        "{Kurzlehrbuch Physik}",
	year =         "2016",
	publisher =      "Thieme"
}
@online{indikation,
	title = {Herzschrittmacher },
	date = {03.08.2020},
	url = {https://www.amboss.com/de/wissen/Herzschrittmacher},
	
}
